@article{id1,
	author = "Rolf Wittich",
	title="WebSphere Datapower SOA Appliance: The XML Management Interface",
	journal="IBM Redpaper publication", 
	date="Septiembre 11,2008"
}
@article{id2,
	author="Rolf Wittich",
	title="IBM Datapower Gateway.",
	journal="IBM Corp", 
	year="2016"
}
@article{id3,
	author="Oracle",
	title="JavaServerFaces",
	journal="Oracle Corp", 
	year="2008",
}
@online{ol1,
  author = "WSO2",
  title = "Data Sheet",
  year = 2015,
  url = "http://wso2.com/api-management/datasheet/",
  urldate = "2016-05-01"
}
@online{ol2,
  author = "axway",
  title = "Axway API Gateway",
  year = 2015,
  url = "https://www.axway.com/en/datasheet/axway-api-gateway",
  urldate = "2016-05-01"
}
@online{ol3,
  author = "Cisco",
  title = "Cisco ACE XML Gateway",
  year = 2008,
  url = "http://www.cisco.com/c/en/us/products/collateral/application-networking-services/ace-xml-gateways/product_data_sheet0900aecd8060acd2.html",
  urldate = "2016-05-01"
}
@online{ol4,
  author = "MyArch",
  title = "Administration Automation Tool for IBM DataPower",
  year = 2015,
  url = "https://myarch.com/dpbuddy",
  urldate = "2016-05-01"
}
@online{ol5,
  author = "IBM Corporation.",
  title = "IBM UrbanCode Deploy",
  year = 2015,
  url = "http://www-01.ibm.com/common/ssi/cgi-bin/ssialias?subtype=SP&infotype=PM&appname=SWGE_RA_RA_USEN&htmlfid=RAD14132USEN&attachment=RAD14132USEN.PDF",
  urldate = "2016-05-01"
}
@online{o16,
    author = "",
    tittle = "Asynchronous Queuing",
    urldate = "2016-10-30",
    url = "http://soapatterns.org/design_patterns/asynchronous_queuing"
}
