@book{lid1,
	author = "Roger S. Pressman",
	title = "Ingeniería del Software: Un Enfoque Práctico",
	date = "2010",
}